@book{tanaka2020,
  author    = {Tanaka, Yuki},
  title     = {Understanding LaTeX},
  year      = {2020},
  publisher = {LaTeX Press}
}

@article{suzuki2018,
  author  = {Suzuki, Akira},
  title   = {Advanced LaTeX Techniques},
  journal = {Journal of LaTeX Studies},
  year    = {2018},
  volume  = {15},
  number  = {3},
  pages   = {45-67}
}
